<record><leader>00000cas a22000007a 4500</leader><controlfield tag="001">20378829</controlfield><controlfield tag="008">890921c19779999gaucr ne      0    0eng d</controlfield><datafield ind1=" " ind2=" " tag="010"><subfield code="a">sn 89053818 </subfield></datafield><datafield ind1=" " ind2=" " tag="040"><subfield code="a">NLG</subfield><subfield code="b">eng</subfield><subfield code="c">NLG</subfield><subfield code="d">GUA</subfield><subfield code="d">OCLCQ</subfield><subfield code="d">OCLCF</subfield><subfield code="d">OCLCO</subfield></datafield><datafield ind1="1" ind2=" " tag="029"><subfield code="a">AU@</subfield><subfield code="b">000025951894</subfield></datafield><datafield ind1=" " ind2=" " tag="042"><subfield code="a">msc</subfield></datafield><datafield ind1=" " ind2=" " tag="043"><subfield code="a">n-us-ga</subfield></datafield><datafield ind1="0" ind2="4" tag="245"><subfield code="a">The Press-sentinel.</subfield></datafield><datafield ind1=" " ind2=" " tag="260"><subfield code="a">Jesup, Ga. :</subfield><subfield code="b">Press-Sentinel Newspapers, Inc.,</subfield><subfield code="c">[1977]-</subfield></datafield><datafield ind1=" " ind2=" " tag="300"><subfield code="a">v.</subfield></datafield><datafield ind1=" " ind2=" " tag="310"><subfield code="a">Semiweekly</subfield></datafield><datafield ind1="0" ind2=" " tag="362"><subfield code="a">Vol. 114, no. 1 (Feb. 3, 1977)-</subfield></datafield><datafield ind1=" " ind2=" " tag="530"><subfield code="a">Also on microfilm: Athens, Ga. : University of Georgia Libraries.</subfield></datafield><datafield ind1=" " ind2="0" tag="651"><subfield code="a">Jesup (Ga.)</subfield><subfield code="v">Newspapers.</subfield></datafield><datafield ind1=" " ind2="0" tag="651"><subfield code="a">Wayne County (Ga.)</subfield><subfield code="v">Newspapers.</subfield></datafield><datafield ind1=" " ind2="7" tag="655"><subfield code="a">Newspapers.</subfield><subfield code="2">fast</subfield><subfield code="0">(OCoLC)fst01423814</subfield></datafield><datafield ind1=" " ind2="7" tag="651"><subfield code="a">Georgia</subfield><subfield code="z">Jesup.</subfield><subfield code="2">fast</subfield><subfield code="0">(OCoLC)fst01218154</subfield></datafield><datafield ind1=" " ind2="7" tag="651"><subfield code="a">Georgia</subfield><subfield code="z">Wayne County.</subfield><subfield code="2">fast</subfield><subfield code="0">(OCoLC)fst01211789</subfield></datafield><datafield ind1=" " ind2=" " tag="752"><subfield code="a">United States</subfield><subfield code="b">Georgia</subfield><subfield code="c">Wayne</subfield><subfield code="d">Jesup.</subfield></datafield><datafield ind1=" " ind2=" " tag="752"><subfield code="a">United States</subfield><subfield code="b">Georgia</subfield><subfield code="c">Chatham.</subfield></datafield><datafield ind1="0" ind2="4" tag="780"><subfield code="t">Wayne County press (Jesup, Ga.)</subfield><subfield code="w">(DLC)sn 89053819</subfield><subfield code="w">(OCoLC)20379068</subfield></datafield><datafield ind1="0" ind2="4" tag="780"><subfield code="t">Jesup sentinel (Jesup, Ga. : 1913)</subfield><subfield code="w">(DLC)sn 89053979</subfield><subfield code="w">(OCoLC)21544401</subfield></datafield></record>